@book{smith_intro_formal_logic,
    author =       "Peter Smith",
    title =        "An Introduction to Formal Logic",
    year =         "2020",
    publisher =	   "Logic Matters"
}

@book{suppes_axiomatic_set_theory,
    author =       "Patrick Suppes",
    title =        "Axiomatic Set Theory",
    year =         "1972",
    publisher =	   "Dover"
}

@book{intro_godel_theorems,
    author =       "Peter Smith",
    title =        "An Introduction to G{\"o}del Theorems",
    year =         "2020",
    publisher =	   "Logic Matters"
}

@book{qm_handbook_griffiths,
    author =       "Griffiths, David J. and Schrotter, Darrell F.",
    title =        "Introduction to Quantum Mechanics",
    year =         "2018",
    publisher =	   "Cambridge University Press"
}

@book{qm_handbook_miller,
    author =       "David A. B. Miller",
    title =        "Quantum Mechanics for Scientists and Engineers",
    year =         "2008",
    publisher =	   "Cambridge University Press"
}

@book{laplace_and_fourier_transforms_handbook_dyke,
    author =       "Phil Dyke",
    title =        "An Introduction to Laplace Transforms and Fourier Series",
    year =         "2014",
    publisher =	   "Springer"
}

@book{algebra1_kostrikin,
    author =       "Aleksiej I. Kostrikin",
    title =        "Wstęp do algebry 1. Podstawy algebry",
    year =         "2008",
    publisher =	   "PWN"
}

@book{algebra2_kostrikin,
    author =       "Aleksiej I. Kostrikin",
    title =        "Wstęp do algebry 2. Algebra liniowa",
    year =         "2012",
    publisher =	   "PWN"
}

@misc{what_is_the_se,
	author = {{Physics Explained}},
	title = {What is the {S}chrödinger {E}quation? {A} 
	{B}asic {I}ntroduction to {Q}uantum {M}echanics},
	howpublished = {\url{https://youtu.be/2WPA1L9uJqo}}
}

@misc{feynman_nobel_lecture_1965,
	author = {{Richard P. Feynman}},
	title = {The Development of the Space-Time View of Quantum Electrodynamics},
	howpublished = {\url{https://www.nobelprize.org/prizes/physics/1965/feynman/lecture/}}
}

